<collection xmlns="http://www.loc.gov/MARC21/slim">
   <record>
      <leader>03715nam a2200433 i 4500</leader>
      <controlfield tag="001">6814043</controlfield>
      <controlfield tag="008">150203t20152015gw a          000|0deng d</controlfield>
      <datafield ind1=" " ind2=" " tag="020">
         <subfield code="a">9783775739207 (hardback)</subfield>
      </datafield>
      <datafield ind1=" " ind2=" " tag="020">
         <subfield code="a">3775739203 (hardback)</subfield>
      </datafield>
      <datafield ind1=" " ind2=" " tag="035">
         <subfield code="a">ocn905732219</subfield>
      </datafield>
      <datafield ind1=" " ind2=" " tag="040">
         <subfield code="d">NNfCLS</subfield>
         <subfield code="e">rda</subfield>
         <subfield code="d">AEGMCT</subfield>
      </datafield>
      <datafield ind1=" " ind2="4" tag="050">
         <subfield code="a">N6537.R3</subfield>
         <subfield code="b">A4 2015</subfield>
      </datafield>
      <datafield ind1="0" ind2="4" tag="082">
         <subfield code="a">709.2</subfield>
         <subfield code="2">23</subfield>
      </datafield>
      <datafield ind1=" " ind2=" " tag="090">
         <subfield code="a">N 6537 R3 A4 2015</subfield>
         <subfield code="b">AEU</subfield>
      </datafield>
      <datafield ind1=" " ind2=" " tag="090">
         <subfield code="a">N6537 .R3 A4 2015</subfield>
         <subfield code="b">AEGMCT</subfield>
      </datafield>
      <datafield ind1="1" ind2=" " tag="100">
         <subfield code="a">Grossman, Wendy A.,</subfield>
         <subfield code="e">editor,</subfield>
         <subfield code="e">curator.</subfield>
         <subfield code="0">http://viaf.org/viaf/62257899</subfield>
      </datafield>
      <datafield ind1="1" ind2="0" tag="245">
         <subfield code="a">Man Ray :</subfield>
         <subfield code="b">human Equations : a journey from mathematics to Shakespeare /</subfield>
         <subfield code="c">edited by Wendy A. Grossman, Edouard Sebline ; essays by Wendy A. Grossman, Andrew Strauss, Adina Kamien-Kazhdan, Edouard Sebline ; exhibition project initiated by Andrew Strauss.</subfield>
      </datafield>
      <datafield ind1="3" ind2="0" tag="246">
         <subfield code="a">Human equations : a journey from mathematics to Shakespeare</subfield>
      </datafield>
      <datafield ind1=" " ind2="1" tag="264">
         <subfield code="a">Ostfildern, Germany :</subfield>
         <subfield code="b">Hatje Cantz,</subfield>
         <subfield code="c">[2015]</subfield>
      </datafield>
      <datafield ind1=" " ind2="4" tag="264">
         <subfield code="c">©2015</subfield>
      </datafield>
      <datafield ind1=" " ind2=" " tag="300">
         <subfield code="a">236 pages :</subfield>
         <subfield code="b">illustrations (some coloured) ;</subfield>
         <subfield code="c">26 cm</subfield>
      </datafield>
      <datafield ind1=" " ind2=" " tag="336">
         <subfield code="a">text</subfield>
         <subfield code="b">txt</subfield>
         <subfield code="2">rdacontent</subfield>
         <subfield code="0">http://id.loc.gov/vocabulary/contentTypes/txt</subfield>
      </datafield>
      <datafield ind1=" " ind2=" " tag="336">
         <subfield code="a">still image</subfield>
         <subfield code="b">sti</subfield>
         <subfield code="2">rdacontent</subfield>
         <subfield code="0">http://id.loc.gov/vocabulary/contentTypes/sti</subfield>
      </datafield>
      <datafield ind1=" " ind2=" " tag="337">
         <subfield code="a">unmediated</subfield>
         <subfield code="b">n</subfield>
         <subfield code="2">rdamedia</subfield>
         <subfield code="0">http://id.loc.gov/vocabulary/mediaTypes/n</subfield>
      </datafield>
      <datafield ind1=" " ind2=" " tag="338">
         <subfield code="a">volume</subfield>
         <subfield code="b">nc</subfield>
         <subfield code="2">rdacarrier</subfield>
         <subfield code="0">http://id.loc.gov/vocabulary/carriers/nc</subfield>
      </datafield>
      <datafield ind1=" " ind2=" " tag="500">
         <subfield code="a">Catalogue published in conjunction with the exhibition curated by Wendy A. Grossman, Andrew Strauss, Adilna Kamien-Kazhdan, and Edouard Sebline, and organized by The Phillips Collection, Washington, D.C. and The Israel Museum, Jerusalem.  Exhibition dates February 7-May 10, 2015 at The Phillips Collection, Washington, D.C., June 11-September 20, 2015 at Ny Carlsberg Glyptotek, Copenhagen and October 20, 2015-January 23, 2016 at The Israel Museum, Jerusalem.</subfield>
      </datafield>
      <datafield ind1=" " ind2=" " tag="520">
         <subfield code="a">"Man Ray, widely recognized as one [of] the most innovative pioneers in twentieth-century photography, has been the subject of countless exhibitions.  However, none has taken his Shakespearean Equations paintings as its centerpiece for exploring this American artist's protean creative practice.  Painted principally in 1948 while working in his Hollywood studio and inspired by photographs of mathematical models he made in Paris in 1934-35, this series constitutes a major accomplishment from a period of the artist's career long overshadowed by his prodigious interwar photographic production and his celebrated association with the movememnts of Dada and Surrealism " -- Page 6.</subfield>
      </datafield>
      <datafield ind1=" " ind2=" " tag="596">
         <subfield code="a">43 56</subfield>
      </datafield>
      <datafield ind1="0" ind2="0" tag="600">
         <subfield code="a">Man Ray,</subfield>
         <subfield code="d">1890-1976</subfield>
         <subfield code="v">Exhibitions.</subfield>
         <subfield code="0">http://id.loc.gov/authorities/names/n80019625</subfield>
      </datafield>
      <datafield ind1="1" ind2=" " tag="700">
         <subfield code="a">Sebline, Edouard,</subfield>
         <subfield code="e">editor,</subfield>
         <subfield code="e">curator.</subfield>
         <subfield code="0">http://id.loc.gov/authorities/names/no2015060862</subfield>
         <subfield code="0">http://viaf.org/viaf/314862072</subfield>
      </datafield>
      <datafield ind1="1" ind2=" " tag="700">
         <subfield code="a">Strauss, Andrew,</subfield>
         <subfield code="e">curator.</subfield>
         <subfield code="0">http://viaf.org/viaf/315992658</subfield>
      </datafield>
      <datafield ind1="1" ind2=" " tag="700">
         <subfield code="a">Kamien-Kazhdan, Adina,</subfield>
         <subfield code="e">curator.</subfield>
         <subfield code="0">http://id.loc.gov/authorities/names/no2003011085</subfield>
         <subfield code="0">http://viaf.org/viaf/56836367</subfield>
      </datafield>
      <datafield ind1="2" ind2=" " tag="710">
         <subfield code="a">Phillips Collection,</subfield>
         <subfield code="e">host institution.</subfield>
         <subfield code="0">http://id.loc.gov/authorities/names/n79046255</subfield>
         <subfield code="0">http://viaf.org/viaf/151826319</subfield>
      </datafield>
      <datafield ind1="2" ind2=" " tag="710">
         <subfield code="a">Muzeʼon Yiśraʼel (Jerusalem),</subfield>
         <subfield code="e">host institution.</subfield>
         <subfield code="0">http://id.loc.gov/authorities/names/n80046920</subfield>
      </datafield>
      <datafield ind1="2" ind2=" " tag="710">
         <subfield code="a">Ny Carlsberg glyptotek,</subfield>
         <subfield code="e">host institution.</subfield>
         <subfield code="0">http://id.loc.gov/authorities/names/n50052819</subfield>
         <subfield code="0">http://viaf.org/viaf/125405217</subfield>
      </datafield>
      <datafield ind1=" " ind2=" " tag="758">
         <subfield code="0">http://worldcat.org/entity/work/id/23881077</subfield>
      </datafield>
      <datafield ind1="0" ind2=" " tag="787">
         <subfield code="n">OCLC Work Id</subfield>
         <subfield code="o">http://worldcat.org/entity/work/id/23881077</subfield>
      </datafield>
      <datafield ind1=" " ind2=" " tag="926">
         <subfield code="a">N6537 .R3 A4 2015</subfield>
         <subfield code="w">LC</subfield>
         <subfield code="c">1</subfield>
         <subfield code="i">1007405416</subfield>
         <subfield code="d">12/7/2015</subfield>
         <subfield code="e">10/20/2015</subfield>
         <subfield code="l">ON_SHELF</subfield>
         <subfield code="m">GR_MAC_CAC</subfield>
         <subfield code="n">1</subfield>
         <subfield code="p">$69.85</subfield>
         <subfield code="r">Y</subfield>
         <subfield code="s">Y</subfield>
         <subfield code="t">BOOK</subfield>
         <subfield code="u">3/23/2015</subfield>
      </datafield>
      <datafield ind1=" " ind2=" " tag="926">
         <subfield code="a">N 6537 R3 A4 2015</subfield>
         <subfield code="w">LC</subfield>
         <subfield code="c">1</subfield>
         <subfield code="i">0162034852457</subfield>
         <subfield code="l">ON_SHELF</subfield>
         <subfield code="m">UAHSS</subfield>
         <subfield code="p">$150.00</subfield>
         <subfield code="r">Y</subfield>
         <subfield code="s">Y</subfield>
         <subfield code="t">BOOK</subfield>
         <subfield code="u">10/7/2015</subfield>
         <subfield code="z">COUTTS_ADD</subfield>
      </datafield>
   </record>
</collection>
